@online{
    AndersonDocker,
    author = {Charles Anderson},
    title = {Docker [software engineering]},
    year = {2015},
    url = {https://ieeexplore.ieee.org/stamp/stamp.jsp?arnumber=7093032},
    urldate = {2019-09-10}
}

@online{
    BuiAnalysisOfDockerSecurity,
    author = {Thanh Bui},
    title = {Analysis of docker security},
    year = {2015},
    url = {https://arxiv.org/pdf/1501.02967.pdf},
    urldate = {2019-09-10}
}

@online{
    CombeToDockerOrNotToDocker,
    author = {Theo Combe and Antony Martin and Roberto Di Pietro},
    title = {To Docker or Not to Docker: A Security Perspective.},
    year = {2016},
    url = {https://www.researchgate.net/profile/Roberto_Pietro/publication/309965523_To_Docker_or_Not_to_Docker_A_Security_Perspective/links/5bd2f7c1a6fdcc3a8da6c537/To-Docker-or-Not-to-Docker-A-Security-Perspective.pdf},
    urldate = {2019-09-10}
}

@online{
    MartinDockerEcosystem,
    author = {Antony Martin and Simone Raponi and Theo Combe and Roberto Di Pietro},
    title = {Docker ecosystem – Vulnerability Analysis},
    year = {2018},
    url = {https://cri-lab.net/wp-content/uploads/2018/03/Docker_ecosystem____Vulnerability_analysis.pdf},
    urldate = {2019-09-13}
}

@online{
    LombardiSecureVirtualizationOfCloudComputing,
    author = {Flavo Lombardi and Roberto Di Pietro},
    title = {Secure virtualization for cloud computing},
    year = {2010},
    url = {http://www.csc.villanova.edu/~nadi/csc8580/S11/AnushaUppalapati.pdf},
    urldate = {2019-09-14}
}

@online{
    MorabitoHypervisorsVSLightweightVirtualization,
    author = {Roberto Morabito and Jimmy Kjällman and Miika Komu},
    title = {Hypervisors vs. Lightweight Virtualization: A Performance Comparison},
    year = {2015},
    url = {https://www.researchgate.net/profile/Roberto_Morabito/publication/273756984_Hypervisors_vs_Lightweight_Virtualization_A_Performance_Comparison/links/550a83660cf26198a63afb10/Hypervisors-vs-Lightweight-Virtualization-A-Performance-Comparison.pdf},
    urldate = {2019-09-14}
}

@online{
    XavierPerformanceEvaluationOfContainerBasedVirtualizationForHighPerformanceComputingEnvironments,
    author = {Miguel G. Xavier and Marcelo V. Neves and Fabio D. Rossi and Tiago C. Ferreto and Timoteo Lange and Cesar A. F. De Rose},
    title = {Performance Evaluation of Container-based Virtualization for High Performance Computing Environments},
    year = {2013},
    url = {https://www.researchgate.net/profile/Fabio_Rossi10/publication/261266481_Performance_Evaluation_of_Container-Based_Virtualization_for_High_Performance_Computing_Environments/links/5500c3200cf2aee14b581172/Performance-Evaluation-of-Container-Based-Virtualization-for-High-Performance-Computing-Environments.pdf},
    urldate = {2019-09-14}
}

@online{
    KampJails,
    author = {Poul-Henning Kamp and Robert N. M. Watson},
    title = {Jails: Confining the omnipotent root.},
    year = {2010},
    url = {http://phk.freebsd.dk/pubs/sane2000-jail.pdf},
    urldate = {2019-09-14}
}

@online{
    ZhengIntegratingContainersIntoWorkflows,
    author = {Chao Zheng and Douglas Thain},
    title = {Integrating Containers into Workflows: A Case Study Using Makeflow, Work Queue, and Docker},
    year = {2015},
    url = {https://cri-lab.net/wp-content/uploads/2018/03/Docker_ecosystem____Vulnerability_analysis.pdf},
    urldate = {2019-09-14}
}

@online{
    XenWiki,
    author = "{Xen Project Wiki contributors}",
    title = {Unikernel},
    year = {2019},
    url = {https://wiki.xenproject.org/wiki/Unikernels},
    urldate = {2019-09-14}
}

@online{
    KuenzerUnikernelsEverywhere,
    author = {Simon Kuenzer and Anton Ivanov and Filipe Manco and Jose Mendes and Yuri Volchkov and Florian Schmidt and Kenichi Yasukata and Michio Honda and Felipe Huici},
    title = {Unikernels Everywhere: The Case for Elastic CDNs},
    year = {2017},
    url = {http://delivery.acm.org/10.1145/3060000/3050757/p15-Kuenzer.pdf},
    urldate = {2019-09-14}
}

@online{
    MadhavapeddyUnikernels,
    author = {Anil Madhavapeddy and Richard Mortier and Charalampos Rotsos and David Scott and Balraj Singh and Thomas Gazagnaire and Steven Smith and Steven Hand and Jon Crowcroft},
    title = {Unikernels: Library Operating Systems for the Cloud},
    year = {2013},
    url = {http://mort.io/publications/pdf/asplos13-unikernels.pdf},
    urldate = {2019-09-14}
}

@online{
    MobyDockerImageSpecification,
    author = "{Moby contributors}",
    title = {Docker Image Specification v1.2.0},
    year = {2018},
    url = {https://github.com/moby/moby/blob/master/image/spec/v1.2.md},
    urldate = {2019-09-15}
}

@online{
    DockerDockerfileReference,
    author = "{Docker Inc.}",
    title = {Dockerfile reference},
    year = {2019},
    url = {https://docs.docker.com/engine/reference/builder/},
    urldate = {2019-09-15}
}

@online{
    LinuxNamespaces,
    author = "{Linux manpages contributors}",
    title = {Namespaces - overview of Linux namespaces},
    year = {2019},
    url = {http://man7.org/linux/man-pages/man7/namespaces.7.html},
    urldate = {2019-09-15}
}

@online{
    CorbetNotesFromContainer,
    author = {Jonathan Corbet},
    title = {Notes from a container},
    year = {2017},
    url = {https://lwn.net/Articles/256389/},
    urldate = {2019-09-15}
}

@online{
    DockerOfficialImages,
    author = "{Docker Inc.}",
    title = {Official Images on Docker Hub},
    year = {2019},
    url = {https://docs.docker.com/docker-hub/official_images/},
    urldate = {2019-09-15}
}

@online{
    DockerTechnologyPartnerProgramGuide,
    author = "{Docker Inc.}",
    title = {Docker Technology Partner Program Guide},
    year = {2019},
    url = {https://www.docker.com/sites/default/files/d8/2019-07/Docker-Technology-Partner-Program-Guide-July-2019.pdf},
    urldate = {2019-09-15}
}

@online{
    PurrierWhatIsRocket,
    author = {John Purrier},
    title = {What is Rocket and How It's Different Than Docker},
    year = {2015},
    url = {https://www.ctl.io/developers/blog/post/what-is-rocket-and-how-its-different-than-docker/},
    urldate = {2019-09-15}
}

@online{
    RoslandContainerOSComparison,
    author = {Jonas Rosland},
    title = {Container OS Comparison},
    year = {2018},
    url = {https://blog.codeship.com/container-os-comparison/},
    urldate = {2019-09-15}
}

@online{
    DockerRunReference,
    author = "{Docker Inc.}",
    title = {Docker run reference},
    year = {2019},
    url = {https://docs.docker.com/engine/reference/run/},
    urldate = {2019-09-15}
}

@online{
    MobyDockerDefaultAppArmorProfile,
    author = "{Moby contributors}",
    title = {Docker default AppArmor profile},
    year = {2019},
    url = {https://github.com/moby/moby/blob/master/contrib/apparmor/main.go},
    urldate = {2019-09-15}
}

@online{
    MillerSecuringYourContainers,
    author = {Adam Miller and Lei Chen},
    title = {Securing Your Containers},
    year = {2012},
    url = {http://worldcomp-proceedings.com/proc/p2012/SAM9702.pdf},
    urldate = {2019-09-15}
}

@online{
    SamuelSurvivableKeyCompromiseInSoftwareUpdateSystems,
    author = {Justin Samuel and Nick Mathewson and Justin Cappos and Roger Dingledine},
    title = {Survivable Key Compromise in Software Update Systems},
    year = {2010},
    url = {https://www.freehaven.net/~arma/tuf-ccs2010.pdf},
    urldate = {2019-09-15}
}

@online{
    CapposAttacksOnPackageManagers,
    author = {Justin Cappos and Justin Samuel and Scott Baker and John H. Hartman},
    title = {A Look In the Mirror: Attacks on Package Managers},
    year = {2008},
    url = {https://ssl.engineering.nyu.edu/papers/cappos_mirror_ccs_08.pdf},
    urldate = {2019-09-15}
}

@online{
    PetazzoniSSHDInDockerContainers,
    author = {Jérôme Petazzoni},
    title = {Why you don't need to run SSHd in your Docker containers},
    year = {2014},
    url = {https://blog.docker.com/2014/06/why-you-dont-need-to-run-sshd-in-docker/},
    urldate = {2019-09-16}
}

@online{
    SulemanRealWorldWaysToUseDocker,
    author = {Aater Suleman},
    title = {8 Proven Real-World Ways to Use Docker},
    year = {2016},
    url = {https://www.airpair.com/docker/posts/8-proven-real-world-ways-to-use-docker},
    urldate = {2019-09-16}
}

@online{
    ForresterContainersRealAdoptionAndUseCases,
    author = "{Forrester Consulting}",
    title = {Containers: Real Adoption And Use Cases In 2017},
    year = {2017},
    url = {https://downloads.dell.com/solutions/cloud-solution-resources/Forrester Containers Real Adoption Dell EMC White Paper_SPi_R6.pdf},
    urldate = {2019-09-17}
}

@online{
    DockerHubImages,
    author = "{Docker Inc.}",
    title = {Docker Hub},
    year = {2019},
    url = {https://hub.docker.com/search/?q=&type=image},
    urldate = {2019-09-17}
}

@online{
    ColemanContainerAreNotVMs,
    author = {Mike Coleman},
    title = {Containers are not VMs},
    year = {2016},
    url = {https://blog.docker.com/2016/03/containers-are-not-vms/},
    urldate = {2019-09-17}
}

@online{
    ShuStudyOfSecurityVulnerabilitiesOnDockerHub,
    author = {Rui Shu and Xiaohui Gu and William Enck},
    title = {A Study of Security Vulnerabilities on Docker Hub},
    year = {2017},
    url = {https://www.enck.org/pubs/shu-codaspy17.pdf},
    urldate = {2019-09-17}
}

@online{
    BanyanDockerHubHighPrioritySecurityVulnerabilities,
    author = "{Banyan Team}",
    title = {Over 30\% of Official Images in Docker Hub Contain High Priority Security Vulnerabilities},
    year = {2015},
    url = {https://www.banyansecurity.io/blog/analyzing-docker-hub/},
    urldate = {2019-09-17}
}

@online{
    GartnerPublicCloudServices,
    author = "{Gartner Inc.}",
    title = {Gartner Says Worldwide IaaS Public Cloud Services Market Grew 31.3\% in 2018},
    year = {2019},
    url = {https://www.gartner.com/en/newsroom/press-releases/2019-07-29-gartner-says-worldwide-iaas-public-cloud-services-market-grew-31point3-percent-in-2018},
    urldate = {2019-09-17}
}

@online{
    MITREDockerVulnerabilityStatistics,
    author = "{MITRE Corporation}",
    title = {Docker Vulnerability Statistics},
    year = {2019},
    url = {https://www.cvedetails.com/product/28125/Docker-Docker.html},
    urldate = {2019-09-18}
}

@online{
    DockerBestPractices,
    author = "{Docker Inc.}",
    title = {Best practices for writing Dockerfiles},
    year = {2019},
    url = {https://docs.docker.com/develop/develop-images/dockerfile_best-practices/},
    urldate = {2019-09-18}
}

@online{
    CISDockerBenchmark,
    author = "{Center for Internet Security}",
    title = {Docker Benchmark},
    year = {2018},
    url = {https://learn.cisecurity.org/benchmarks},
    urldate = {2019-09-18}
}

@online{
    RedHatCVEDatabase,
    author = "{Red Hat Inc.}",
    title = {Red Hat CVE Database},
    year = {2019},
    url = {https://access.redhat.com/security/security-updates/#/cve},
    urldate = {2019-09-19}
}

@online{
    CorPaulHowIsPerformanceAddressedInDevOps,
    author = {Cor-Paul Bezemer and Simon Eismann and Vincenzo Ferme and Johannes Grohmann and Robert Heinrich and Pooyan Jamshidi and Weiyi Shang and Andre van Hoorn and Monica Villaviencio and Jurgen Walter and Felix Willnecker},
    title = {How is Performance Addressed in DevOps? A Survey on Industrial Practices},
    year = {2016},
    url = {https://arxiv.org/pdf/1808.06915.pdf},
    urldate = {2019-09-19}
}

@online{
    DockerScanImagesForVulnerabilities,
    author = "{Docker Inc.}",
    title = {Scan images for vulnerabilities},
    year = {2019},
    url = {https://docs.docker.com/v17.12/datacenter/dtr/2.4/guides/user/manage-images/scan-images-for-vulnerabilities/},
    urldate = {2019-09-20}
}

@online{
    ChoiTrustworthyDesignArchitecture,
    author = {Sung Choi and Adrian Chavez and Marcos Torres and Cheolhyeon Kwon and Inseok Hwang},
    title = {Trustworthy Design Architecture: Cyber-Physical System},
    year = {2017},
    url = {https://www.osti.gov/servlets/purl/1431786},
    urldate = {2019-09-20}
}

@online{
    NISTGuideForConductingRiskAssessments,
    author = "{National Institute of Standards and Technology, U.S. Department of Commerce}",
    title = {Guide for Conducting Risk Assessments},
    year = {2012},
    url = {https://nvlpubs.nist.gov/nistpubs/Legacy/SP/nistspecialpublication800-30r1.pdf},
    urldate = {2019-09-20}
}

@online{
    LuResearchOfPenetrationTestingTechnologyInDockerEnvironment,
    author = {Tao Lu and Jie Chen},
    title = {Research of Penetration Testing Technology in Docker Environment},
    year = {2017},
    url = {https://download.atlantis-press.com/article/25882618.pdf},
    urldate = {2019-09-20}
}

@online{
    MadhavapeddyJitsu,
    author = {Anil Madhavapeddy and Thomas Leonard and Magnus Skjegstad and Thomas Gazagnaire and David Sheets and Dave Scott and Richard Mortier and Amir Chaudhry and Balraj Singh and Jon Ludlam and Jon Crowcroft and Ian Leslie},
    title = {Jitsu: Just-In-Time Summoning of Unikernels},
    year = {2015},
    url = {https://www.usenix.org/system/files/conference/nsdi15/nsdi15-paper-madhavapeddy.pdf},
    urldate = {2019-09-20}
}

@online{
    RedHatContainerSecurityGuide,
    author = "{Red Hat Atomic Host Documentation Team}",
    title = {Red Hat Enterprise Linux Atomic Host7 Container Security Guide},
    year = {2016},
    url = {http://ftp.newtek.com/pub/reads/Atomic_Host-7-Container_Security_Guide-en-US.pdf},
    urldate = {2019-09-21}
}

@online{
    SchreudersEmpoweringEndUsersToConfineTheirOwnApplications,
    author = {Z.C. Schreuders and T. McGill. and C. Payne},
    title = {Empowering End Users to Confine Their Own Applications: The Results of a Usability Study Comparing SELinux, AppArmor and FBAC-LSM},
    year = {2011},
    url = {http://eprints.leedsbeckett.ac.uk/546/1/empowering_end_users.pdf},
    urldate = {2019-09-21}
}

@online{
    BaneRepository,
    author = "{bane Repository Contributors}",
    title = {bane - Custom \& better AppArmor profile generator for Docker containers.},
    year = {2019},
    url = {https://github.com/genuinetools/bane},
    urldate = {2019-09-21}
}

@online{
    DockerMachine,
    author = "{Docker Inc.}",
    title = {Docker Machine Overview},
    year = {2019},
    url = {https://docs.docker.com/machine/overview/},
    urldate = {2019-09-21}
}

@online{
    DockerForWindows,
    author = "{Docker Inc.}",
    title = {Get started with Docker for Windows},
    year = {2019},
    url = {https://docs.docker.com/docker-for-windows/},
    urldate = {2019-09-21}
}

@online{
    DockerForMac,
    author = "{Docker Inc.}",
    title = {Get started with Docker Desktop for Mac},
    year = {2019},
    url = {https://docs.docker.com/docker-for-mac/},
    urldate = {2019-09-21}
}

@online{
    DockerOnMacPerformance,
    author = {Michael Schmid},
    title = {Docker on Mac Performance: Docker Machine vs Docker for Mac},
    year = {2017},
    url = {https://stories.amazee.io/docker-on-mac-performance-docker-machine-vs-docker-for-mac-4c64c0afdf99},
    urldate = {2019-09-21}
}

@online{
    DuncanCloudCyberSecurity,
    author = {Bob Duncan and Andreas Happe and Alfred Bratterud},
    title = {Cloud Cyber Security: Finding an Effective Approach with Unikernels},
    year = {2017},
    url = {https://www.intechopen.com/books/advances-in-security-in-computing-and-communications/cloud-cyber-security-finding-an-effective-approach-with-unikernels},
    urldate = {2019-09-26}
}

@online{
    BCCReadme,
    author = "{BCC contributors}",
    title = {BCC Readme},
    year = {2019},
    url = {https://github.com/iovisor/bcc/README.md},
    urldate = {2019-09-28}
}
